@inproceedings{DBLP:conf/pkdd/GunnemannBS11,
  author    = {Stephan G{\"u}nnemann and
               Brigitte Boden and
               Thomas Seidl},
  title     = {DB-CSC: A Density-Based Approach for Subspace Clustering
               in Graphs with Feature Vectors},
  booktitle = {ECML/PKDD (1)},
  year      = {2011},
  pages     = {565-580},
  ee        = {http://dx.doi.org/10.1007/978-3-642-23780-5_46},
  crossref  = {DBLP:conf/pkdd/2011-1},
  bibsource = {DBLP, http://dblp.uni-trier.de}
}

@inproceedings{DBLP:conf/kdd/EsterKSX96,
  author    = {Martin Ester and
               Hans-Peter Kriegel and
               J{\"o}rg Sander and
               Xiaowei Xu},
  title     = {A Density-Based Algorithm for Discovering Clusters in Large
               Spatial Databases with Noise},
  booktitle = {KDD},
  year      = {1996},
  pages     = {226-231},
  ee        = {http://www.aaai.org/Library/KDD/1996/kdd96-037.php},
  crossref  = {DBLP:conf/kdd/1996},
  bibsource = {DBLP, http://dblp.uni-trier.de}
}

@inproceedings{DBLP:conf/sdm/AkogluTMF12,
  author    = {Leman Akoglu and
               Hanghang Tong and
               Brendan Meeder and
               Christos Faloutsos},
  title     = {PICS: Parameter-free Identification of Cohesive Subgroups
               in Large Attributed Graphs},
  booktitle = {SDM},
  year      = {2012},
  pages     = {439-450},
  ee        = {http://siam.omnibooksonline.com/2012datamining/data/papers/094.pdf},
  crossref  = {DBLP:conf/sdm/2012},
  bibsource = {DBLP, http://dblp.uni-trier.de}

@inproceedings{DBLP:conf/icdm/ZhouCY10,
  author    = {Yang Zhou and
               Hong Cheng and
               Jeffrey Xu Yu},
  title     = {Clustering Large Attributed Graphs: An Efficient Incremental
               Approach},
  booktitle = {ICDM},
  year      = {2010},
  pages     = {689-698},
  ee        = {http://doi.ieeecomputersociety.org/10.1109/ICDM.2010.41},
  crossref  = {DBLP:conf/icdm/2010},
  bibsource = {DBLP, http://dblp.uni-trier.de}
}

@inproceedings{DBLP:conf/sigmod/XuKWCC12,
  author    = {Zhiqiang Xu and
               Yiping Ke and
               Yi Wang and
               Hong Cheng and
               James Cheng},
  title     = {A model-based approach to attributed graph clustering},
  booktitle = {SIGMOD Conference},
  year      = {2012},
  pages     = {505-516},
  ee        = {http://doi.acm.org/10.1145/2213836.2213894},
  crossref  = {DBLP:conf/sigmod/2012},
  bibsource = {DBLP, http://dblp.uni-trier.de}
}

@article{DBLP:journals/pvldb/SilvaMZ12,
  author    = {Arlei Silva and
               Wagner Meira Jr. and
               Mohammed J. Zaki},
  title     = {Mining Attribute-structure Correlated Patterns in Large
               Attributed Graphs},
  journal   = {PVLDB},
  volume    = {5},
  number    = {5},
  year      = {2012},
  pages     = {466-477},
  ee        = {http://vldb.org/pvldb/vol5/p466_arleisilva_vldb2012.pdf},
  bibsource = {DBLP, http://dblp.uni-trier.de}
}

@article{DBLP:journals/pvldb/ZhouCY09,
  author    = {Yang Zhou and
               Hong Cheng and
               Jeffrey Xu Yu},
  title     = {Graph Clustering Based on Structural/Attribute Similarities},
  journal   = {PVLDB},
  volume    = {2},
  number    = {1},
  year      = {2009},
  pages     = {718-729},
  ee        = {http://www.vldb.org/pvldb/2/vldb09-175.pdf},
  bibsource = {DBLP, http://dblp.uni-trier.de}
}

@article{DBLP:journals/pvldb/SunAH12,
  author    = {Yizhou Sun and
               Charu C. Aggarwal and
               Jiawei Han},
  title     = {Relation Strength-Aware Clustering of Heterogeneous Information
               Networks with Incomplete Attributes},
  journal   = {PVLDB},
  volume    = {5},
  number    = {5},
  year      = {2012},
  pages     = {394-405},
  ee        = {http://vldb.org/pvldb/vol5/p394_yizhousun_vldb2012.pdf},
  bibsource = {DBLP, http://dblp.uni-trier.de}
}

@inproceedings{DBLP:conf/sigmod/TianHP08,
  author    = {Yuanyuan Tian and
               Richard A. Hankins and
               Jignesh M. Patel},
  title     = {Efficient aggregation for graph summarization},
  booktitle = {SIGMOD Conference},
  year      = {2008},
  pages     = {567-580},
  ee        = {http://doi.acm.org/10.1145/1376616.1376675},
  crossref  = {DBLP:conf/sigmod/2008},
  bibsource = {DBLP, http://dblp.uni-trier.de}
}

@inproceedings{DBLP:conf/kdd/ZhangY12,
  author    = {Yu Zhang and
               Dit-Yan Yeung},
  title     = {Overlapping community detection via bounded nonnegative
               matrix tri-factorization},
  booktitle = {KDD},
  year      = {2012},
  pages     = {606-614},
  ee        = {http://doi.acm.org/10.1145/2339530.2339629},
  crossref  = {DBLP:conf/kdd/2012},
  bibsource = {DBLP, http://dblp.uni-trier.de}
}

@inproceedings{DBLP:conf/pkdd/Gregory07,
  author    = {Steve Gregory},
  title     = {An Algorithm to Find Overlapping Community Structure in
               Networks},
  booktitle = {PKDD},
  year      = {2007},
  pages     = {91-102},
  ee        = {http://dx.doi.org/10.1007/978-3-540-74976-9_12},
  crossref  = {DBLP:conf/pkdd/2007},
  bibsource = {DBLP, http://dblp.uni-trier.de}
}

@inproceedings{DBLP:conf/pkdd/Gregory08,
  author    = {Steve Gregory},
  title     = {A Fast Algorithm to Find Overlapping Communities in Networks},
  booktitle = {ECML/PKDD (1)},
  year      = {2008},
  pages     = {408-423},
  ee        = {http://dx.doi.org/10.1007/978-3-540-87479-9_45},
  crossref  = {DBLP:conf/pkdd/2008-1},
  bibsource = {DBLP, http://dblp.uni-trier.de}
}

@article{DBLP:journals/corr/abs-1010-1523,
  author    = {Steve Gregory},
  title     = {Fuzzy overlapping communities in networks},
  journal   = {CoRR},
  volume    = {abs/1010.1523},
  year      = {2010},
  ee        = {http://arxiv.org/abs/1010.1523},
  bibsource = {DBLP, http://dblp.uni-trier.de}
}

@inproceedings{DBLP:conf/pkdd/Gregory08,
  author    = {Steve Gregory},
  title     = {A Fast Algorithm to Find Overlapping Communities in Networks},
  booktitle = {ECML/PKDD (1)},
  year      = {2008},
  pages     = {408-423},
  ee        = {http://dx.doi.org/10.1007/978-3-540-87479-9_45},
  crossref  = {DBLP:conf/pkdd/2008-1},
  bibsource = {DBLP, http://dblp.uni-trier.de}
}

@article{nature,
  author    = {Gergely Palla, Derenyi Imre,  Farkas Illes, Tamas Vicsek},
  title     = {Uncovering the overlapping community structure of complex networks in nature and society},
  journal   = {Nature Letter},
  volume    = {abs/1010.1523},
  year      = {2005},
  pages     = {814-818},
}

@inproceedings{DBLP:conf/pkdd/LiLY06,
  author    = {Xin Li and
               Bing Liu and
               Philip S. Yu},
  title     = {Discovering Overlapping Communities of Named Entities},
  booktitle = {PKDD},
  year      = {2006},
  pages     = {593-600},
  ee        = {http://dx.doi.org/10.1007/11871637_60},
  crossref  = {DBLP:conf/pkdd/2006},
  bibsource = {DBLP, http://dblp.uni-trier.de}
}

@inproceedings{DBLP:conf/cikm/DuWW08,
  author    = {Nan Du and
               Bai Wang and
               Bin Wu},
  title     = {Overlapping community structure detection in networks},
  booktitle = {CIKM},
  year      = {2008},
  pages     = {1371-1372},
  ee        = {http://doi.acm.org/10.1145/1458082.1458285},
  crossref  = {DBLP:conf/cikm/2008},
  bibsource = {DBLP, http://dblp.uni-trier.de}
}

@book{entropy,
 author = {Ihara,Shunsuke},
 title = {Information theory for continuous systems},
 publisher = {World Scientific},
 year = {1993},
 isbn = {978-981-02-0985-8},
 }

@book{mdlbook,
 author = {Rissanen, Jorma},
 title = {Information and Complexity in Statistical Modeling},
 publisher = {Springer},
 year = {2007},
 isbn = {0387366105, 9780387366104},
 }

@inproceedings{DBLP:conf/sdm/MoserCRE09,
  author    = {Flavia Moser and
               Recep Colak and
               Arash Rafiey and
               Martin Ester},
  title     = {Mining Cohesive Patterns from Graphs with Feature Vectors},
  booktitle = {SDM},
  year      = {2009},
  pages     = {593-604},
  ee        = {http://www.siam.org/proceedings/datamining/2009/dm09_055_moserf.pdf},
  crossref  = {DBLP:conf/sdm/2009},
  bibsource = {DBLP, http://dblp.uni-trier.de}
}

@inproceedings{DBLP:conf/icdm/GunnemannFBS10,
  author    = {Stephan G{\"u}nnemann and
               Ines F{\"a}rber and
               Brigitte Boden and
               Thomas Seidl},
  title     = {Subspace Clustering Meets Dense Subgraph Mining: A Synthesis
               of Two Paradigms},
  booktitle = {ICDM},
  year      = {2010},
  pages     = {845-850},
  ee        = {http://doi.ieeecomputersociety.org/10.1109/ICDM.2010.95},
  crossref  = {DBLP:conf/icdm/2010},
  bibsource = {DBLP, http://dblp.uni-trier.de}
}

@inproceedings{DBLP:conf/kdd/TongFGE07,
  author    = {Hanghang Tong and
               Christos Faloutsos and
               Brian Gallagher and
               Tina Eliassi-Rad},
  title     = {Fast best-effort pattern matching in large attributed graphs},
  booktitle = {KDD},
  year      = {2007},
  pages     = {737-746},
  ee        = {http://doi.acm.org/10.1145/1281192.1281271},
  crossref  = {DBLP:conf/kdd/2007},
  bibsource = {DBLP, http://dblp.uni-trier.de}
}

@inproceedings{DBLP:conf/icdm/GunnemannFBS10,
  author    = {Stephan G{\"u}nnemann and
               Ines F{\"a}rber and
               Brigitte Boden and
               Thomas Seidl},
  title     = {Subspace Clustering Meets Dense Subgraph Mining: A Synthesis
               of Two Paradigms},
  booktitle = {ICDM},
  year      = {2010},
  pages     = {845-850},
  ee        = {http://doi.ieeecomputersociety.org/10.1109/ICDM.2010.95},
  crossref  = {DBLP:conf/icdm/2010},
  bibsource = {DBLP, http://dblp.uni-trier.de}
}

@article{betweeness,
  author    = {Linton C. Freeman},
  title     = {A Set of Measures of Centrality Based on Betweenness},
  journal   = {Sociometry},
  volume    = {40},
  number    = {1},
  year      = {March 1977},
  pages     = {35-41},  
}

@inproceedings{DBLP:conf/nips/McAuleyL12,
  author    = {Julian J. McAuley and
               Jure Leskovec},
  title     = {Learning to Discover Social Circles in Ego Networks},
  booktitle = {NIPS},
  year      = {2012},
  pages     = {548-556},
  ee        = {http://books.nips.cc/papers/files/nips25/NIPS2012_0272.pdf},
  crossref  = {DBLP:conf/nips/2012},
  bibsource = {DBLP, http://dblp.uni-trier.de}
}

